-->
    <marc:record>
        <marc:leader>01848nam a2200301 a 4500</marc:leader>
        <marc:controlfield tag="001">010534230</marc:controlfield>
        <marc:controlfield tag="003">UkOxU</marc:controlfield>
        <marc:controlfield tag="005">20100907113023.0</marc:controlfield>
        <marc:controlfield tag="008">500101s1986    mau           000 0 eng d</marc:controlfield>
        <marc:datafield tag="020" ind1=" " ind2=" ">
            <marc:subfield code="a">0931102200</marc:subfield>
        </marc:datafield>
        <marc:datafield tag="035" ind1=" " ind2=" ">
            <marc:subfield code="a">CURL 01880190519X(Cam) from mvsc417</marc:subfield>
        </marc:datafield>
        <marc:datafield tag="041" ind1=" " ind2=" ">
            <marc:subfield code="a">eng</marc:subfield>
        </marc:datafield>
        <marc:datafield tag="092" ind1=" " ind2=" ">
            <marc:subfield code="a">D0401074399</marc:subfield>
        </marc:datafield>
        <marc:datafield tag="100" ind1="1" ind2=" ">
            <marc:subfield code="a">Wees, J. Dustin,</marc:subfield>
            <marc:subfield code="d">1944-</marc:subfield>
            <marc:subfield code="4">aut</marc:subfield>
            <marc:subfield code="1">http://viaf.org/viaf/24751188</marc:subfield>
            <marc:subfield code="4">aut</marc:subfield>
            <marc:subfield code="4">http://rdaregistry.info/Elements/w/object/P10061</marc:subfield>
        </marc:datafield>
        <marc:datafield tag="240" ind1=" " ind2=" ">
            <marc:subfield code="a">Darkness visible</marc:subfield>
            <marc:subfield code="1">http://viaf.org/viaf/24751188/darknessvisible</marc:subfield>
        </marc:datafield>
        <marc:datafield tag="245" ind1="1" ind2="0">
            <marc:subfield code="a">Darkness visible : the prints of John Martin</marc:subfield>
            <marc:subfield code="b">the prints of John Martin /</marc:subfield>
            <marc:subfield code="c">by J. Dustin Wees ; with contributions by Michael J. Campbell.</marc:subfield>
        </marc:datafield>
        <marc:datafield tag="260" ind1=" " ind2=" ">
            <marc:subfield code="a">Williamstown, Mass :</marc:subfield>
            <marc:subfield code="b">Sterling &amp; Francine Clark Art Institute,</marc:subfield>
            <marc:subfield code="c">c1986.</marc:subfield>
        </marc:datafield>
        <marc:datafield tag="300" ind1=" " ind2=" ">
            <marc:subfield code="a">v, 87 pages ;</marc:subfield>
            <marc:subfield code="c">28 cm.</marc:subfield>
        </marc:datafield>
        <marc:datafield tag="336" ind1=" " ind2=" ">
            <marc:subfield code="a">still image</marc:subfield>
            <marc:subfield code="0">http://rdaregistry.info/termList/RDAContentType/1014</marc:subfield>
        </marc:datafield>
        <marc:datafield tag="337" ind1=" " ind2=" ">
            <marc:subfield code="a">uformidlet</marc:subfield>
            <marc:subfield code="0">http://rdaregistry.info/termList/RDAMediaType/1007</marc:subfield>
        </marc:datafield>
        <marc:datafield tag="338" ind1=" " ind2=" ">
            <marc:subfield code="a">bind</marc:subfield>
            <marc:subfield code="0">http://rdaregistry.info/termList/RDACarrierType/1049</marc:subfield>
        </marc:datafield>
        <marc:datafield tag="380" ind1=" " ind2=" ">
            <marc:subfield code="a">Bildeverk</marc:subfield>
            <marc:subfield code="0">https://schema.nb.no/Bibliographic/Values/V1003</marc:subfield>
        </marc:datafield>
        <marc:datafield tag="380" ind1=" " ind2=" ">
            <marc:subfield code="a">catalogue</marc:subfield>
        </marc:datafield>
        <marc:datafield tag="500" ind1=" " ind2=" ">
            <marc:subfield code="a">&quot;This catalogue is published on the occasion of an exhibition at the Sterling and Francine Clark Art Institute, Williamstown, Massachusetts, 27                 September to 30 November 1986, which will travel to the Helen Foresman Spencer                 Museum of Art, University of Kansas, Lawrence, 18 January to 7 March 1987 and to the                 Allen Memorial Art Museum, Oberlin College, Oberlin, Ohio, 5 April to 31 May                 1987&quot;--T.p. verso.</marc:subfield>
        </marc:datafield>
        <marc:datafield tag="600" ind1="1" ind2="0">
            <marc:subfield code="a">Martin, John,</marc:subfield>
            <marc:subfield code="d">1789-1854</marc:subfield>
            <marc:subfield code="x">Exhibitions.</marc:subfield>
        </marc:datafield>
        <marc:datafield tag="630" ind1="0" ind2="0">
            <marc:subfield code="a">Bible</marc:subfield>
            <marc:subfield code="v">Illustrations</marc:subfield>
            <marc:subfield code="v">Exhibitions.</marc:subfield>
        </marc:datafield>
        <marc:datafield tag="700" ind1="1" ind2=" ">
            <marc:subfield code="a">Campbell, Michael J.</marc:subfield>
            <marc:subfield code="q">(Michael John),</marc:subfield>
            <marc:subfield code="d">1959-</marc:subfield>
            <marc:subfield code="1">http://viaf.org/viaf/13833473</marc:subfield>
            <marc:subfield code="4">ctb</marc:subfield>
            <marc:subfield code="4">http://rdaregistry.info/Elements/m/object/P30328</marc:subfield>
        </marc:datafield>
        <marc:datafield tag="710" ind1="2" ind2=" ">
            <marc:subfield code="a">Sterling and Francine Clark Art Institute.</marc:subfield>
        </marc:datafield>
    </marc:record>