
    <marc:record>
        <marc:leader>01373ncm a2200265 a 4500</marc:leader>
        <marc:controlfield tag="001">013605153</marc:controlfield>
        <marc:controlfield tag="003">UkOxU</marc:controlfield>
        <marc:controlfield tag="005">19990705171400.0</marc:controlfield>
        <marc:controlfield tag="008">990701s1998    enkzzz         n        d</marc:controlfield>
        <marc:datafield tag="020" ind1=" " ind2=" ">
            <marc:subfield code="a">0571518044</marc:subfield>
        </marc:datafield>
        <marc:datafield tag="100" ind1="1" ind2=" ">
            <marc:subfield code="a">Adès, Thomas.</marc:subfield>
            <marc:subfield code="4">cmp</marc:subfield>
            <marc:subfield code="1">http://viaf.org/viaf/85313314</marc:subfield>
            <marc:subfield code="4">http://rdaregistry.info/Elements/w/object/P10053</marc:subfield>
        </marc:datafield>
        <marc:datafield tag="240" ind1=" " ind2=" ">
            <marc:subfield code="a">Darknesse visible</marc:subfield>
            <marc:subfield code="1">http://viaf.org/viaf/85313314/darknessvisible</marc:subfield>
        </marc:datafield>
        <marc:datafield tag="245" ind1="1" ind2="0">
            <marc:subfield code="a">Darknesse visible :</marc:subfield>
            <marc:subfield code="b">for solo piano : after John Dowland : (1992) /</marc:subfield>
            <marc:subfield code="c">Thomas Adès.</marc:subfield>
        </marc:datafield>
        <marc:datafield tag="246" ind1="3" ind2=" ">
            <marc:subfield code="a">Darkness visible</marc:subfield>
        </marc:datafield>
        <marc:datafield tag="260" ind1=" " ind2=" ">
            <marc:subfield code="a">London :</marc:subfield>
            <marc:subfield code="b">Faber Music,</marc:subfield>
            <marc:subfield code="c">1998.</marc:subfield>
        </marc:datafield>
        <marc:datafield tag="300" ind1=" " ind2=" ">
            <marc:subfield code="a">5 pages of music ;</marc:subfield>
            <marc:subfield code="c">31 cm.</marc:subfield>
        </marc:datafield>
        <marc:datafield tag="336" ind1=" " ind2=" ">
            <marc:subfield code="a">notated music</marc:subfield>
            <marc:subfield code="0">http://rdaregistry.info/termList/RDAContentType/1010</marc:subfield>
        </marc:datafield>
        <marc:datafield tag="337" ind1=" " ind2=" ">
            <marc:subfield code="a">uformidlet</marc:subfield>
            <marc:subfield code="0">http://rdaregistry.info/termList/RDAMediaType/1007</marc:subfield>
        </marc:datafield>
        <marc:datafield tag="338" ind1=" " ind2=" ">
            <marc:subfield code="a">bind</marc:subfield>
            <marc:subfield code="0">http://rdaregistry.info/termList/RDACarrierType/1049</marc:subfield>
        </marc:datafield>
        <marc:datafield tag="380" ind1=" " ind2=" ">
            <marc:subfield code="a">music for solo piano</marc:subfield>
        </marc:datafield>
        <marc:datafield tag="380" ind1=" " ind2=" ">
            <marc:subfield code="a">Musikkverk</marc:subfield>
            <marc:subfield code="0">https://schema.nb.no/Bibliographic/Values/V1001</marc:subfield>
        </marc:datafield>
        <marc:datafield tag="500" ind1=" " ind2=" ">
            <marc:subfield code="a">&quot;This pieces is an explosion of John Dowland's lute song 'In darknesse let me dwell' (1610)&quot;--T.p.</marc:subfield>
        </marc:datafield>
        <marc:datafield tag="500" ind1=" " ind2=" ">
            <marc:subfield code="a">Duration: 7:00.</marc:subfield>
        </marc:datafield>
        <marc:datafield tag="500" ind1=" " ind2=" ">
            <marc:subfield code="a">Words of Dowland's song printed as text on t.p.</marc:subfield>
        </marc:datafield>
        <marc:datafield tag="700" ind1="1" ind2=" ">
            <marc:subfield code="4">http://rdaregistry.info/Elements/w/object/P10027</marc:subfield>
            <marc:subfield code="a">Dowland, John,</marc:subfield>
            <marc:subfield code="d">1563?-1626.</marc:subfield>
            <marc:subfield code="t">In darkness let me dwell.</marc:subfield>
            <marc:subfield code="1">phttp://viaf.org/viaf/14744124</marc:subfield>
            <marc:subfield code="1">http://viaf.org/viaf/14744124/indarknessletmedwell</marc:subfield>
        </marc:datafield>
    </marc:record>