
<!--    <marc:record>
        <marc:leader>03483cam a2200469 a 4500</marc:leader>
        <marc:controlfield tag="001">016932348</marc:controlfield>
        <marc:controlfield tag="003">UkOxU</marc:controlfield>
        <marc:controlfield tag="005">20090210153147.0</marc:controlfield>
        <marc:controlfield tag="008">880114s1715    enkd          000 0 eng d</marc:controlfield>
        <marc:datafield tag="029" ind1=" " ind2=" ">
            <marc:subfield code="a">1715</marc:subfield>
        </marc:datafield>
        <marc:datafield tag="035" ind1=" " ind2=" ">
            <marc:subfield code="a">(CStRLIN)CSUG88-B3858</marc:subfield>
        </marc:datafield>
        <marc:datafield tag="035" ind1=" " ind2=" ">
            <marc:subfield code="a">(UkLCURL)60MAS2b10034555</marc:subfield>
        </marc:datafield>
        <marc:datafield tag="035" ind1=" " ind2=" ">
            <marc:subfield code="a">(UkMaCL)MAS2b10034555</marc:subfield>
        </marc:datafield>
        <marc:datafield tag="038" ind1=" " ind2=" ">
            <marc:subfield code="a">CStRLIN</marc:subfield>
        </marc:datafield>
        <marc:datafield tag="040" ind1=" " ind2=" ">
            <marc:subfield code="a">CSt</marc:subfield>
            <marc:subfield code="c">CSt</marc:subfield>
            <marc:subfield code="d">UkMaCL</marc:subfield>
            <marc:subfield code="e">dcrb</marc:subfield>
        </marc:datafield>
        <marc:datafield tag="041" ind1=" " ind2=" ">
            <marc:subfield code="a">eng</marc:subfield>
        </marc:datafield>
        <marc:datafield tag="049" ind1=" " ind2=" ">
            <marc:subfield code="j">CU</marc:subfield>
            <marc:subfield code="k">60MAS2b10034555</marc:subfield>
            <marc:subfield code="l">r</marc:subfield>
        </marc:datafield>
        <marc:datafield tag="090" ind1=" " ind2=" ">
            <marc:subfield code="a">Che</marc:subfield>
            <marc:subfield code="b">Gal.C.3.116(4)</marc:subfield>
        </marc:datafield>
        <marc:datafield tag="100" ind1="1" ind2=" ">
            <marc:subfield code="a">Whiston, William,</marc:subfield>
            <marc:subfield code="d">1667-1752.</marc:subfield>
            <marc:subfield code="4">aut</marc:subfield>
            <marc:subfield code="4">http://rdaregistry.info/Elements/w/object/P10061</marc:subfield>
            <marc:subfield code="1">http://viaf.org/viaf/36927363</marc:subfield>
        </marc:datafield>
        <marc:datafield tag="240" ind1=" " ind2=" ">
            <marc:subfield code="a">A darkness visible</marc:subfield>
            <marc:subfield code="1">http://viaf.org/viaf/36927363/eclipse</marc:subfield>
        </marc:datafield>
        <marc:datafield tag="245" ind1="1" ind2="2">
            <marc:subfield code="a">A compleat account of the great eclipse of the sun which will happen Apr. 22d. in the morning. :</marc:subfield>
            <marc:subfield code="b">Containing (1) directions for [the] easier observation of this eclipse. (2) The principal things to be observed at that time. (3) A celestial map of the principal fixed stars and planets, then near [the] sun &amp; moon, &amp; of                 [the] sun's Milky Way which may then be visible. (4) An exact calculation of [the]                 eclipse from Sr. I. Newton's last improvements to his theory of [the] moon.                 /</marc:subfield>
            <marc:subfield code="c">By W. Whiston MA.</marc:subfield>
        </marc:datafield>
        <marc:datafield tag="260" ind1=" " ind2=" ">
            <marc:subfield code="a">[London] :</marc:subfield>
            <marc:subfield code="b">Engrav'd and sold by I. Senex at [the] Globe in Salisbury Court near Fleetstreet. And by [the] author in Cross street Hatton Garden also by Will. Taylor at the Ship in Paternoster Row,</marc:subfield>
            <marc:subfield code="c">[1715].</marc:subfield>
        </marc:datafield>
        <marc:datafield tag="300" ind1=" " ind2=" ">
            <marc:subfield code="a">1 sheet ([1] pages) :</marc:subfield>
            <marc:subfield code="b">chart.</marc:subfield>
        </marc:datafield>
        <marc:datafield tag="336" ind1=" " ind2=" ">
            <marc:subfield code="a">text</marc:subfield>
            <marc:subfield code="0">http://rdaregistry.info/termList/RDAContentType/1020</marc:subfield>
        </marc:datafield>
        <marc:datafield tag="337" ind1=" " ind2=" ">
            <marc:subfield code="a">uformidlet</marc:subfield>
            <marc:subfield code="0">http://rdaregistry.info/termList/RDAMediaType/1007</marc:subfield>
        </marc:datafield>
        <marc:datafield tag="338" ind1=" " ind2=" ">
            <marc:subfield code="a">bind</marc:subfield>
            <marc:subfield code="0">http://rdaregistry.info/termList/RDACarrierType/1049</marc:subfield>
        </marc:datafield>
        <marc:datafield tag="380" ind1=" " ind2=" ">
            <marc:subfield code="a">non-fiction</marc:subfield>
        </marc:datafield>
        <marc:datafield tag="380" ind1=" " ind2=" ">
            <marc:subfield code="a">Språkbasert verk</marc:subfield>
            <marc:subfield code="0">https://schema.nb.no/Bibliographic/Values/V1000</marc:subfield>
        </marc:datafield>
        <marc:datafield tag="500" ind1=" " ind2=" ">
            <marc:subfield code="a">At foot: Price One Shilling&quot;.</marc:subfield>
        </marc:datafield>
        <marc:datafield tag="500" ind1=" " ind2=" ">
            <marc:subfield code="a">Dated and signed at foot: &quot;NB. The author desires ... W.W. Apr.2d., 1715.&quot;.</marc:subfield>
        </marc:datafield>
        <marc:datafield tag="500" ind1=" " ind2=" ">
            <marc:subfield code="a">Fully engraved.</marc:subfield>
        </marc:datafield>
        <marc:datafield tag="500" ind1=" " ind2=" ">
            <marc:subfield code="a">Printed in 2 columns, with celestial chart in the center.</marc:subfield>
        </marc:datafield>
        <marc:datafield tag="505" ind1="0" ind2=" ">
            <marc:subfield code="a">Contents: (from caption titles of individual sections) I. Directions for the easie observation of the eclipse. - II. The principal things to be observed at this eclipse. - III. A celestial map of the planets and fixed stars,  and of the sun's Milky Way which may be visible at the time of the total darkness in  this eclipse.- IIII. A most exact calculation of this eclipse according to Sr.                 Isaac Newton's last improvements to his theory of [the] moon.</marc:subfield>
        </marc:datafield>
        <marc:datafield tag="700" ind1="1" ind2=" ">
            <marc:subfield code="a">Senex, John,</marc:subfield>
            <marc:subfield code="d">-1740,</marc:subfield>
            <marc:subfield code="e">bookseller.</marc:subfield>
            <marc:subfield code="4">sll</marc:subfield>
        </marc:datafield>
        <marc:datafield tag="700" ind1="1" ind2=" ">
            <marc:subfield code="a">Senex, John,</marc:subfield>
            <marc:subfield code="d">-1740,</marc:subfield>
            <marc:subfield code="e">engraver.</marc:subfield>
            <marc:subfield code="4">egr</marc:subfield>
            <marc:subfield code="4">http://rdaregistry.info/Elements/m/object/P30070</marc:subfield>
        </marc:datafield>
        <marc:datafield tag="700" ind1="1" ind2=" ">
            <marc:subfield code="a">Taylor, William,</marc:subfield>
            <marc:subfield code="d">-1723,</marc:subfield>
            <marc:subfield code="e">bookseller.</marc:subfield>
            <marc:subfield code="4">sll</marc:subfield>
        </marc:datafield>
        <marc:datafield tag="700" ind1="1" ind2=" ">
            <marc:subfield code="a">Whiston, William,</marc:subfield>
            <marc:subfield code="d">1667-1752,</marc:subfield>
            <marc:subfield code="e">bookseller.</marc:subfield>
            <marc:subfield code="4">sll</marc:subfield>
        </marc:datafield>
        <marc:datafield tag="740" ind1="0" ind2="2">
            <marc:subfield code="a">Celestial map of the planets and fixed stars, and of the sun's                 Milky Way which may be visible at the time of the total darkness in this                 eclipse.</marc:subfield>
        </marc:datafield>
        <marc:datafield tag="740" ind1="0" ind2="2">
            <marc:subfield code="a">Directions for the easie observation of the                 eclipse.</marc:subfield>
        </marc:datafield>
        <marc:datafield tag="740" ind1="0" ind2="2">
            <marc:subfield code="a">Most exact calculation of this eclipse according to Sr. Isaac                 Newton's last improvements to his theory of [the] moon.</marc:subfield>
        </marc:datafield>
        <marc:datafield tag="740" ind1="0" ind2="2">
            <marc:subfield code="a">Principal things to be observed at this eclipse.</marc:subfield>
        </marc:datafield>
        <marc:datafield tag="752" ind1=" " ind2=" ">
            <marc:subfield code="a">England</marc:subfield>
            <marc:subfield code="d">London.</marc:subfield>
        </marc:datafield>
    </marc:record>