
    <marc:record>
        <marc:leader>01765nam a22003491a 4500</marc:leader>
        <marc:controlfield tag="001">020735169</marc:controlfield>
        <marc:controlfield tag="003">UkOxU</marc:controlfield>
        <marc:controlfield tag="005">20161216152922.0</marc:controlfield>
        <marc:controlfield tag="006">m     o  d        </marc:controlfield>
        <marc:controlfield tag="007">cr||||||||||||</marc:controlfield>
        <marc:controlfield tag="008">020621r19961811xxk     o           eng d</marc:controlfield>
        <marc:datafield tag="035" ind1=" " ind2=" ">
            <marc:subfield code="a">(Uk-CbPIL)Z000087977</marc:subfield>
        </marc:datafield>
        <marc:datafield tag="040" ind1=" " ind2=" ">
            <marc:subfield code="a">UK-CbPIL</marc:subfield>
            <marc:subfield code="c">UK-CbPIL</marc:subfield>
        </marc:datafield>
        <marc:datafield tag="041" ind1=" " ind2=" ">
            <marc:subfield code="a">eng</marc:subfield>
        </marc:datafield>
        <marc:datafield tag="100" ind1="1" ind2=" ">
            <marc:subfield code="a">Hook, Theodore Edward.</marc:subfield>
            <marc:subfield code="d">1788-1841.</marc:subfield>
            <marc:subfield code="4">aut</marc:subfield>
            <marc:subfield code="4">http://rdaregistry.info/Elements/w/object/P10061</marc:subfield>
            <marc:subfield code="1">http://viaf.org/viaf/29524003</marc:subfield>
        </marc:datafield>
        <marc:datafield tag="240" ind1=" " ind2=" ">
            <marc:subfield code="a">Darkness visible, a farce</marc:subfield>
            <marc:subfield code="1">http://viaf.org/viaf/29524003/darknessvisible</marc:subfield>
        </marc:datafield>
        <marc:datafield tag="245" ind1="1" ind2="0">
            <marc:subfield code="a">Darkness visible</marc:subfield>
            <marc:subfield code="h">[electronic resource].</marc:subfield>
        </marc:datafield>
        <marc:datafield tag="256" ind1=" " ind2=" ">
            <marc:subfield code="a">Electronic data.</marc:subfield>
        </marc:datafield>
        <marc:datafield tag="260" ind1=" " ind2=" ">
            <marc:subfield code="a">Cambridge :</marc:subfield>
            <marc:subfield code="b">Chadwyck-Healey,</marc:subfield>
            <marc:subfield code="c">1996.</marc:subfield>
        </marc:datafield>
        <marc:datafield tag="300" ind1=" " ind2=" ">
            <marc:subfield code="a">1 online resource</marc:subfield>
        </marc:datafield>
        <marc:datafield tag="336" ind1=" " ind2=" ">
            <marc:subfield code="a">text</marc:subfield>
            <marc:subfield code="b">txt</marc:subfield>
            <marc:subfield code="2">rdacontent</marc:subfield>
            <marc:subfield code="0">http://rdaregistry.info/termList/RDAContentType/1020</marc:subfield>
        </marc:datafield>
        <marc:datafield tag="337" ind1=" " ind2=" ">
            <marc:subfield code="a">computer</marc:subfield>
            <marc:subfield code="b">c</marc:subfield>
            <marc:subfield code="2">rdamedia</marc:subfield>
            <marc:subfield code="0">http://rdaregistry.info/termList/RDAMediaType/1003</marc:subfield>
        </marc:datafield>
        <marc:datafield tag="338" ind1=" " ind2=" ">
            <marc:subfield code="a">online resource</marc:subfield>
            <marc:subfield code="b">cr</marc:subfield>
            <marc:subfield code="2">rdacarrier</marc:subfield>
            <marc:subfield code="0">http://rdaregistry.info/termList/RDACarrierType/1018</marc:subfield>
        </marc:datafield>
        <marc:datafield tag="380" ind1=" " ind2=" ">
            <marc:subfield code="a">play</marc:subfield>
        </marc:datafield>
        <marc:datafield tag="500" ind1=" " ind2=" ">
            <marc:subfield code="a">Online access provided by ProQuest as part of Chadwyck-Healey literature collections.</marc:subfield>
        </marc:datafield>
        <marc:datafield tag="500" ind1=" " ind2=" ">
            <marc:subfield code="a">Preliminaries omitted.</marc:subfield>
        </marc:datafield>
        <marc:datafield tag="534" ind1=" " ind2=" ">
            <marc:subfield code="p">Transcribed from:</marc:subfield>
            <marc:subfield code="a">Hook, Theodore Edward, 1788-1841.</marc:subfield>
            <marc:subfield code="t">Darkness visible : a farce, in two acts. Performed with great applause at the Theatre Royal, Haymarket</marc:subfield>
            <marc:subfield code="c">London : Printed for C. Chapple [etc.], 1811.</marc:subfield>
            <marc:subfield code="e">vii, 45 pages</marc:subfield>
        </marc:datafield>
        <marc:datafield tag="540" ind1=" " ind2=" ">
            <marc:subfield code="a">Copyright (c) 1996 Chadwyck-Healey. Do not export or print from this database without checking the Copyright Conditions to see what is                 permitted.</marc:subfield>
        </marc:datafield>
        <marc:datafield tag="710" ind1="2" ind2=" ">
            <marc:subfield code="a">ProQuest (Firm)</marc:subfield>
        </marc:datafield>
        <marc:datafield tag="773" ind1="0" ind2=" ">
            <marc:subfield code="t">English Prose Drama Full-Text Database</marc:subfield>
        </marc:datafield>
        <marc:datafield tag="830" ind1=" " ind2="0">
            <marc:subfield code="a">Chadwyck-Healey literature collections.</marc:subfield>
        </marc:datafield>
        <marc:datafield tag="856" ind1="4" ind2="0">
            <marc:subfield code="3">Chadwyck-Healey literature collections</marc:subfield>
            <marc:subfield code="s">123Kb</marc:subfield>
            <marc:subfield code="u">http://gateway.proquest.com/openurl?ctx_ver=Z39.88-2003&amp;xri:pqil:res_ver=0.2&amp;res_id=xri:ilcs&amp;rft_id=xri:ilcs:drama:Z000087977</marc:subfield>
        </marc:datafield>
    </marc:record>