
    <marc:record>
        <marc:leader>01804nam a22003975i 4500</marc:leader>
        <marc:controlfield tag="001">020808068</marc:controlfield>
        <marc:controlfield tag="003">UkOxU</marc:controlfield>
        <marc:controlfield tag="005">20190214230823.0</marc:controlfield>
        <marc:controlfield tag="006">m    ||  d |      </marc:controlfield>
        <marc:controlfield tag="007">cr |||||||||||</marc:controlfield>
        <marc:controlfield tag="008">170310s2012    xxk||||go    |||| ||eng  </marc:controlfield>
        <marc:datafield tag="020" ind1=" " ind2=" ">
            <marc:subfield code="a">0571267580</marc:subfield>
            <marc:subfield code="q">(EPUB)</marc:subfield>
        </marc:datafield>
        <marc:datafield tag="020" ind1=" " ind2=" ">
            <marc:subfield code="a">9780571267583</marc:subfield>
            <marc:subfield code="q">(EPUB)</marc:subfield>
        </marc:datafield>
        <marc:datafield tag="035" ind1=" " ind2=" ">
            <marc:subfield code="a">(Uk)018260090</marc:subfield>
        </marc:datafield>
        <marc:datafield tag="037" ind1=" " ind2=" ">
            <marc:subfield code="a">Faber19778</marc:subfield>
            <marc:subfield code="b">Ingram Content Group</marc:subfield>
        </marc:datafield>
        <marc:datafield tag="040" ind1=" " ind2=" ">
            <marc:subfield code="a">Uk</marc:subfield>
            <marc:subfield code="b">eng</marc:subfield>
            <marc:subfield code="c">Uk</marc:subfield>
        </marc:datafield>
        <marc:datafield tag="041" ind1=" " ind2=" ">
            <marc:subfield code="a">eng</marc:subfield>
        </marc:datafield>
        <marc:datafield tag="100" ind1="1" ind2=" ">
            <marc:subfield code="a">Gregorio, Michael.</marc:subfield>
            <marc:subfield code="4">aut</marc:subfield>
            <marc:subfield code="4">http://rdaregistry.info/Elements/w/object/P10061</marc:subfield>
            <marc:subfield code="1">http://viaf.org/viaf/38119011</marc:subfield>
        </marc:datafield>
        <marc:datafield tag="240" ind1=" " ind2=" ">
            <marc:subfield code="a">A visible darkness</marc:subfield>
            <marc:subfield code="1">http://viaf.org/viaf/38119011/avisibledarkness</marc:subfield>
        </marc:datafield>
        <marc:datafield tag="245" ind1="1" ind2="2">
            <marc:subfield code="a">A Visible Darkness /</marc:subfield>
            <marc:subfield code="c">Michael Gregorio.</marc:subfield>
        </marc:datafield>
        <marc:datafield tag="250" ind1=" " ind2=" ">
            <marc:subfield code="a">Main</marc:subfield>
        </marc:datafield>
        <marc:datafield tag="264" ind1=" " ind2="1">
            <marc:subfield code="a">London :</marc:subfield>
            <marc:subfield code="b">Faber &amp; Faber,</marc:subfield>
            <marc:subfield code="c">2012.</marc:subfield>
        </marc:datafield>
        <marc:datafield tag="300" ind1=" " ind2=" ">
            <marc:subfield code="a">1 online resource.</marc:subfield>
        </marc:datafield>
        <marc:datafield tag="336" ind1=" " ind2=" ">
            <marc:subfield code="a">text</marc:subfield>
            <marc:subfield code="b">txt</marc:subfield>
            <marc:subfield code="2">rdacontent</marc:subfield>
            <marc:subfield code="0">http://rdaregistry.info/termList/RDAContentType/1020</marc:subfield>
        </marc:datafield>
        <marc:datafield tag="337" ind1=" " ind2=" ">
            <marc:subfield code="a">computer</marc:subfield>
            <marc:subfield code="b">c</marc:subfield>
            <marc:subfield code="2">rdamedia</marc:subfield>
            <marc:subfield code="0">http://rdaregistry.info/termList/RDAMediaType/1003</marc:subfield>
        </marc:datafield>
        <marc:datafield tag="338" ind1=" " ind2=" ">
            <marc:subfield code="a">online resource</marc:subfield>
            <marc:subfield code="b">cr</marc:subfield>
            <marc:subfield code="2">rdacarrier</marc:subfield>
            <marc:subfield code="0">http://rdaregistry.info/termList/RDACarrierType/1018</marc:subfield>
        </marc:datafield>
        <marc:datafield tag="380" ind1=" " ind2=" ">
            <marc:subfield code="a">novel</marc:subfield>
        </marc:datafield>
        <marc:datafield tag="380" ind1=" " ind2=" ">
            <marc:subfield code="a">Språkbasert verk</marc:subfield>
            <marc:subfield code="0">https://schema.nb.no/Bibliographic/Values/V1000</marc:subfield>
        </marc:datafield>
        <marc:datafield tag="500" ind1=" " ind2=" ">
            <marc:subfield code="a">Academic</marc:subfield>
        </marc:datafield>
        <marc:datafield tag="506" ind1="1" ind2=" ">
            <marc:subfield code="a">Legal Deposit;</marc:subfield>
            <marc:subfield code="c">Only available on premises controlled by the deposit library and                 to one user at any one time;</marc:subfield>
            <marc:subfield code="e">The Legal Deposit Libraries (Non-Print Works) Regulations                 (UK).</marc:subfield>
            <marc:subfield code="5">UkOxU</marc:subfield>
        </marc:datafield>
        <marc:datafield tag="540" ind1=" " ind2=" ">
            <marc:subfield code="a">Restricted: Printing from this resource is governed by The Legal                 Deposit Libraries (Non-Print Works) Regulations (UK) and UK copyright law currently                 in force.</marc:subfield>
            <marc:subfield code="5">UkOxU</marc:subfield>
        </marc:datafield>
        <marc:datafield tag="859" ind1=" " ind2=" ">
            <marc:subfield code="a">ELD</marc:subfield>
            <marc:subfield code="b">ebook</marc:subfield>
        </marc:datafield>
        <marc:datafield tag="876" ind1=" " ind2=" ">
            <marc:subfield code="0">ark:/81055/vdc_100041506349.0x000001</marc:subfield>
            <marc:subfield code="a">ark:/81055/vdc_100041506153.0x000001</marc:subfield>
        </marc:datafield>
    </marc:record>