
    <marc:record>
        <marc:leader>01681ncm a22003853u 4500</marc:leader>
        <marc:controlfield tag="001">021501965</marc:controlfield>
        <marc:controlfield tag="003">UkOxU</marc:controlfield>
        <marc:controlfield tag="005">20190320192028.0</marc:controlfield>
        <marc:controlfield tag="006">m    ||  z |      </marc:controlfield>
        <marc:controlfield tag="007">cr |||||||||||</marc:controlfield>
        <marc:controlfield tag="008">190319s2017    xxk|||| o||||||n  |      </marc:controlfield>
        <marc:datafield tag="028" ind1="3" ind2="2">
            <marc:subfield code="a">45727</marc:subfield>
            <marc:subfield code="b">Music Sales</marc:subfield>
            <marc:subfield code="q">(Product Id)</marc:subfield>
        </marc:datafield>
        <marc:datafield tag="028" ind1="3" ind2="2">
            <marc:subfield code="a">smd_119863</marc:subfield>
            <marc:subfield code="b">Music Sales</marc:subfield>
            <marc:subfield code="q">(Cat Ref)</marc:subfield>
        </marc:datafield>
        <marc:datafield tag="033" ind1="0" ind2=" ">
            <marc:subfield code="a">20090309</marc:subfield>
        </marc:datafield>
        <marc:datafield tag="035" ind1=" " ind2=" ">
            <marc:subfield code="a">(Uk)019306731</marc:subfield>
        </marc:datafield>
        <marc:datafield tag="040" ind1=" " ind2=" ">
            <marc:subfield code="a">Uk</marc:subfield>
            <marc:subfield code="b">eng</marc:subfield>
            <marc:subfield code="c">Uk</marc:subfield>
        </marc:datafield>
        <marc:datafield tag="082" ind1="1" ind2="4">
            <marc:subfield code="a">780</marc:subfield>
            <marc:subfield code="2">15</marc:subfield>
        </marc:datafield>
        <marc:datafield tag="100" ind1=" " ind2=" ">
            <marc:subfield code="a">Tarik O'Regan</marc:subfield>
            <marc:subfield code="1">http://www.wikidata.org/entity/Q7686067</marc:subfield>
            <marc:subfield code="4">http://rdaregistry.info/Elements/w/object/P10053</marc:subfield>
        </marc:datafield>
        <marc:datafield tag="240" ind1="0" ind2="0">
            <marc:subfield code="a">Darkness Visible (for counter-tenor, tenor &amp; harp) /</marc:subfield>
            <marc:subfield code="1">http://www.wikidata.org/entity/Q7686067/darknessvisible</marc:subfield>
        </marc:datafield>
        <marc:datafield tag="245" ind1="0" ind2="0">
            <marc:subfield code="a">Darkness Visible (for counter-tenor, tenor &amp; harp) /</marc:subfield>
            <marc:subfield code="c">[Tarik O'Regan].</marc:subfield>
        </marc:datafield>
        <marc:datafield tag="250" ind1=" " ind2=" ">
            <marc:subfield code="a">Piano &amp; Vocal.</marc:subfield>
        </marc:datafield>
        <marc:datafield tag="264" ind1=" " ind2="1">
            <marc:subfield code="a">[United Kingdom] :</marc:subfield>
            <marc:subfield code="b">[Music Sales],</marc:subfield>
            <marc:subfield code="c">[2017].</marc:subfield>
        </marc:datafield>
        <marc:datafield tag="300" ind1=" " ind2=" ">
            <marc:subfield code="a">1 online resource (1 score (7 pages)).</marc:subfield>
        </marc:datafield>
        <marc:datafield tag="336" ind1=" " ind2=" ">
            <marc:subfield code="a">notated music</marc:subfield>
            <marc:subfield code="b">ntm</marc:subfield>
            <marc:subfield code="2">rdacontent</marc:subfield>
            <marc:subfield code="0">http://rdaregistry.info/termList/RDAContentType/1010</marc:subfield>
        </marc:datafield>
        <marc:datafield tag="337" ind1=" " ind2=" ">
            <marc:subfield code="a">computer</marc:subfield>
            <marc:subfield code="0">http://rdaregistry.info/termList/RDAMediaType/1003</marc:subfield>
            <marc:subfield code="2">rdamt</marc:subfield>
        </marc:datafield>
        <marc:datafield tag="338" ind1=" " ind2=" ">
            <marc:subfield code="a">online resource</marc:subfield>
            <marc:subfield code="0">http://rdaregistry.info/termList/RDACarrierType/1018</marc:subfield>
            <marc:subfield code="2">rdact</marc:subfield>
        </marc:datafield>
        <marc:datafield tag="380" ind1=" " ind2=" ">
            <marc:subfield code="a">Musikkverk</marc:subfield>
            <marc:subfield code="0">https://schema.nb.no/Bibliographic/Values/V1001</marc:subfield>
        </marc:datafield>
        <marc:datafield tag="365" ind1=" " ind2=" ">
            <marc:subfield code="b">5.99</marc:subfield>
            <marc:subfield code="c">GBP</marc:subfield>
        </marc:datafield>
        <marc:datafield tag="500" ind1=" " ind2=" ">
            <marc:subfield code="a">Academic</marc:subfield>
        </marc:datafield>
        <marc:datafield tag="506" ind1="1" ind2=" ">
            <marc:subfield code="a">Legal Deposit;</marc:subfield>
            <marc:subfield code="c">Only available on premises controlled by the deposit library and to one user at any one time;</marc:subfield>
            <marc:subfield code="e">The Legal Deposit Libraries (Non-Print Works) Regulations (UK).</marc:subfield>
            <marc:subfield code="5">UkOxU</marc:subfield>
        </marc:datafield>
        <marc:datafield tag="540" ind1=" " ind2=" ">
            <marc:subfield code="a">Restricted: Printing from this resource is governed by The Legal Deposit Libraries (Non-Print Works) Regulations (UK) and UK copyright law currently                 in force.</marc:subfield>
            <marc:subfield code="5">UkOxU</marc:subfield>
        </marc:datafield>
        <marc:datafield tag="588" ind1=" " ind2=" ">
            <marc:subfield code="a">Classical.</marc:subfield>
        </marc:datafield>
        <marc:datafield tag="655" ind1=" " ind2="7">
            <marc:subfield code="a">Notated music.</marc:subfield>
            <marc:subfield code="2">lcgft</marc:subfield>
        </marc:datafield>
        <marc:datafield tag="720" ind1=" " ind2=" ">
            <marc:subfield code="a">Tarik O'Regan</marc:subfield>
            <marc:subfield code="1">http://www.wikidata.org/entity/Q7686067</marc:subfield>
        </marc:datafield>
        <marc:datafield tag="859" ind1=" " ind2=" ">
            <marc:subfield code="a">ELD</marc:subfield>
            <marc:subfield code="b">escore</marc:subfield>
        </marc:datafield>
        <marc:datafield tag="876" ind1=" " ind2=" ">
            <marc:subfield code="0">ark:/81055/vdc_100077893354.0x000001</marc:subfield>
            <marc:subfield code="a">ark:/81055/vdc_100077893327.0x000001</marc:subfield>
        </marc:datafield>
        <marc:datafield tag="884" ind1=" " ind2=" ">
            <marc:subfield code="a">Music Sales Digital Score Excel to MARC</marc:subfield>
            <marc:subfield code="g">20190318</marc:subfield>
            <marc:subfield code="k">45727</marc:subfield>
            <marc:subfield code="q">Uk</marc:subfield>
        </marc:datafield>
    </marc:record>