
    <marc:record>
        <marc:leader>02132cjm a22004937a 4500</marc:leader>
        <marc:controlfield tag="001">15294742</marc:controlfield>
        <marc:controlfield tag="005">20141008094354.0</marc:controlfield>
        <marc:controlfield tag="007">sd fsngnnmmned</marc:controlfield>
        <marc:controlfield tag="008">080508p20052004xxkmun|  efhi     | zxx d</marc:controlfield>
        <marc:datafield tag="010" ind1=" " ind2=" ">
            <marc:subfield code="a">  2014624873</marc:subfield>
        </marc:datafield>
        <marc:datafield tag="024" ind1="3" ind2=" ">
            <marc:subfield code="a">5060054460323</marc:subfield>
        </marc:datafield>
        <marc:datafield tag="024" ind1="1" ind2=" ">
            <marc:subfield code="a">506054460321</marc:subfield>
        </marc:datafield>
        <marc:datafield tag="028" ind1="0" ind2="2">
            <marc:subfield code="a">MSV CD92083</marc:subfield>
            <marc:subfield code="b">Metier</marc:subfield>
        </marc:datafield>
        <marc:datafield tag="033" ind1="2" ind2=" ">
            <marc:subfield code="a">20041204</marc:subfield>
            <marc:subfield code="a">20050611</marc:subfield>
            <marc:subfield code="b">5750</marc:subfield>
        </marc:datafield>
        <marc:datafield tag="035" ind1=" " ind2=" ">
            <marc:subfield code="a">(OCoLC)ocm84735029</marc:subfield>
        </marc:datafield>
        <marc:datafield tag="040" ind1=" " ind2=" ">
            <marc:subfield code="a">BUF</marc:subfield>
            <marc:subfield code="c">BUF</marc:subfield>
            <marc:subfield code="d">CIN</marc:subfield>
            <marc:subfield code="d">BTCTA</marc:subfield>
            <marc:subfield code="d">OCLCQ</marc:subfield>
            <marc:subfield code="d">BOS</marc:subfield>
            <marc:subfield code="d">OCLCA</marc:subfield>
            <marc:subfield code="d">OCLCQ</marc:subfield>
            <marc:subfield code="d">OCLCA</marc:subfield>
            <marc:subfield code="d">DLC</marc:subfield>
        </marc:datafield>
        <marc:datafield tag="041" ind1="0" ind2=" ">
            <marc:subfield code="g">eng</marc:subfield>
        </marc:datafield>
        <marc:datafield tag="042" ind1=" " ind2=" ">
            <marc:subfield code="a">lccopycat</marc:subfield>
        </marc:datafield>
        <marc:datafield tag="047" ind1=" " ind2=" ">
            <marc:subfield code="a">nc</marc:subfield>
            <marc:subfield code="a">vr</marc:subfield>
        </marc:datafield>
        <marc:datafield tag="050" ind1="0" ind2="0">
            <marc:subfield code="a">SDC 42058</marc:subfield>
        </marc:datafield>
        <marc:datafield tag="100" ind1="1" ind2=" ">
            <marc:subfield code="a">Grange, Philip.</marc:subfield>
            <marc:subfield code="1">http://viaf.org/viaf/125149196661274792821</marc:subfield>
            <marc:subfield code="4">http://rdaregistry.info/Elements/w/object/P10053</marc:subfield>
        </marc:datafield>
        <marc:datafield tag="240" ind1="1" ind2="0">
            <marc:subfield code="a">Instrumental music.</marc:subfield>
            <marc:subfield code="k">Selections</marc:subfield>
        </marc:datafield>
        <marc:datafield tag="245" ind1="1" ind2="0">
            <marc:subfield code="a">Darkness visible</marc:subfield>
            <marc:subfield code="h">[sound recording] /</marc:subfield>
            <marc:subfield code="c">Philip Grange.</marc:subfield>
        </marc:datafield>
        <marc:datafield tag="260" ind1=" " ind2=" ">
            <marc:subfield code="a">[United Kingdom] :</marc:subfield>
            <marc:subfield code="b">Metier,</marc:subfield>
            <marc:subfield code="c">p2005.</marc:subfield>
        </marc:datafield>
        <marc:datafield tag="300" ind1=" " ind2=" ">
            <marc:subfield code="a">1 sound disc :</marc:subfield>
            <marc:subfield code="b">digital ;</marc:subfield>
            <marc:subfield code="c">4 3/4 in.</marc:subfield>
        </marc:datafield>
        <marc:datafield tag="306" ind1=" " ind2=" ">
            <marc:subfield code="a">001630</marc:subfield>
            <marc:subfield code="a">001719</marc:subfield>
            <marc:subfield code="a">002300</marc:subfield>
        </marc:datafield>
        <marc:datafield tag="336" ind1=" " ind2=" ">
            <marc:subfield code="a">performed music</marc:subfield>
            <marc:subfield code="0">http://rdaregistry.info/termList/RDAContentType/1011</marc:subfield>
        </marc:datafield>
        <marc:datafield tag="337" ind1=" " ind2=" ">
            <marc:subfield code="a">audio</marc:subfield>
            <marc:subfield code="b">s</marc:subfield>
            <marc:subfield code="0">http://rdaregistry.info/termList/RDAMediaType/1001</marc:subfield>
            <marc:subfield code="2">rdamedia</marc:subfield>
        </marc:datafield>
        <marc:datafield tag="338" ind1=" " ind2=" ">
            <marc:subfield code="a">audio disc</marc:subfield>
            <marc:subfield code="b">sd</marc:subfield>
            <marc:subfield code="0">http://rdaregistry.info/termList/RDACarrierType/1004</marc:subfield>
            <marc:subfield code="2">rdacarrier</marc:subfield>
        </marc:datafield>
        <marc:datafield tag="380" ind1=" " ind2=" ">
            <marc:subfield code="a">Musikkverk</marc:subfield>
            <marc:subfield code="0">https://schema.nb.no/Bibliographic/Values/V1001</marc:subfield>
        </marc:datafield>
        <marc:datafield tag="500" ind1=" " ind2=" ">
            <marc:subfield code="a">1st and 3rd work for flute, clarinet, violin, violoncello, piano, and percussion ; the 2nd work for 2 flutes, 2 clarinets, violin, violoncello, piano, and percussion.</marc:subfield>
        </marc:datafield>
        <marc:datafield tag="500" ind1=" " ind2=" ">
            <marc:subfield code="a">Title from container spine.</marc:subfield>
        </marc:datafield>
        <marc:datafield tag="511" ind1="0" ind2=" ">
            <marc:subfield code="a">Gemini ; Ian Mitchell, conductor.</marc:subfield>
        </marc:datafield>
        <marc:datafield tag="518" ind1=" " ind2=" ">
            <marc:subfield code="a">Recorded Dec. 4-5, 2004 and June 11, 2005 in the Cosmo Rodewald Concert Hall, The University of Manchester.</marc:subfield>
        </marc:datafield>
        <marc:datafield tag="500" ind1=" " ind2=" ">
            <marc:subfield code="a">Compact disc.</marc:subfield>
        </marc:datafield>
        <marc:datafield tag="500" ind1=" " ind2=" ">
            <marc:subfield code="a">Program and biographical notes (6 pages) inserted in container.</marc:subfield>
        </marc:datafield>
        <marc:datafield tag="505" ind1="0" ind2=" ">
            <marc:subfield code="a">Cimmerian nocturne (16:30) -- Lament of the bow (17:19) -- Variations (23:00)</marc:subfield>
        </marc:datafield>
        <marc:datafield tag="650" ind1=" " ind2="0">
            <marc:subfield code="a">Sextets (Piano, clarinet, flute, percussion, violin, cello)</marc:subfield>
        </marc:datafield>
        <marc:datafield tag="650" ind1=" " ind2="0">
            <marc:subfield code="a">Octets (Piano, clarinets (2), flutes (2), percussion, violin, violoncello)</marc:subfield>
        </marc:datafield>
        <marc:datafield tag="650" ind1=" " ind2="0">
            <marc:subfield code="a">Variations (Instrumental ensemble)</marc:subfield>
        </marc:datafield>
        <marc:datafield tag="700" ind1="1" ind2=" ">
            <marc:subfield code="a">Mitchell, Ian</marc:subfield>
            <marc:subfield code="c">(Clarinetist)</marc:subfield>
            <marc:subfield code="4">cnd</marc:subfield>
            <marc:subfield code="1">http://viaf.org/viaf/29050495</marc:subfield>
            <marc:subfield code="4">http://rdaregistry.info/Elements/e/object/P20011</marc:subfield>
        </marc:datafield>
        <marc:datafield tag="700" ind1="1" ind2="2">
            <marc:subfield code="a">Grange, Philip.</marc:subfield>
            <marc:subfield code="t">Cimmerian nocturne.</marc:subfield>
            <marc:subfield code="1">http://viaf.org/viaf/310714691</marc:subfield>
        </marc:datafield>
        <marc:datafield tag="700" ind1="1" ind2="2">
            <marc:subfield code="a">Grange, Philip.</marc:subfield>
            <marc:subfield code="t">Lament of the bow.</marc:subfield>
            <marc:subfield code="1">http://viaf.org/viaf/310714689</marc:subfield>
        </marc:datafield>
        <marc:datafield tag="700" ind1="1" ind2="2">
            <marc:subfield code="a">Grange, Philip.</marc:subfield>
            <marc:subfield code="t">Variations, piano, flute, clarinet, percussion, violin, cello.</marc:subfield>
            <marc:subfield code="m">piano, flute, clarinet, percussion, violin, cello.</marc:subfield>
            <marc:subfield code="1">http://viaf.org/viaf/310714688</marc:subfield>
        </marc:datafield>
        <marc:datafield tag="710" ind1="2" ind2=" ">
            <marc:subfield code="a">Gemini (Musical group)</marc:subfield>
            <marc:subfield code="4">prf</marc:subfield>
            <marc:subfield code="1">http://viaf.org/viaf/146015676</marc:subfield>
            <marc:subfield code="4">http://rdaregistry.info/Elements/e/object/P20039</marc:subfield>
        </marc:datafield>
    </marc:record>
    

</marc:collection>
